<marc:record xmlns:marc="http://www.loc.gov/MARC21/slim" xmlns:xsi="http://www.w3.org/2001/XMLSchema-instance" xsi:schemaLocation="http://www.loc.gov/MARC21/slim http://www.loc.gov/standards/marcxml/schema/MARC21slim.xsd">
  <marc:leader>     nam a2200217   4500</marc:leader>
  <marc:controlfield tag="001">001700956</marc:controlfield>
  <marc:controlfield tag="003">NNU</marc:controlfield>
  <marc:controlfield tag="005">20010214211957.0</marc:controlfield>
  <marc:controlfield tag="008">891012s1954    ae            00  0 ara  </marc:controlfield>
  <marc:datafield tag="035" ind1="9" ind2=" ">
    <marc:subfield code="a">NYUb12249546</marc:subfield>
  </marc:datafield>
  <marc:datafield tag="035" ind1=" " ind2=" ">
    <marc:subfield code="a">(CStRLIN)DCGGB15206762-B</marc:subfield>
  </marc:datafield>
  <marc:datafield tag="245" ind1="0" ind2="0">
    <marc:subfield code="a">Qiṣṣat Jūd'har al-ṣayyād wa-al-kharaj al-marṣūd :</marc:subfield>
    <marc:subfield code="b">qiṣṣat muqtabasah min Alf laylah wa-laylah /</marc:subfield>
    <marc:subfield code="c">iʻtiná bi-nashrihā wa-taḥaṣṣuṣihā Hinrī Pirīs.</marc:subfield>
  </marc:datafield>
  <marc:datafield tag="250" ind1=" " ind2=" ">
    <marc:subfield code="a">al-Ṭabʻah 5.</marc:subfield>
  </marc:datafield>
  <marc:datafield tag="260" ind1=" " ind2=" ">
    <marc:subfield code="a">al-Jazāʼir :</marc:subfield>
    <marc:subfield code="b">J. Kūrbūnil,</marc:subfield>
    <marc:subfield code="c">1954.</marc:subfield>
  </marc:datafield>
  <marc:datafield tag="300" ind1=" " ind2=" ">
    <marc:subfield code="a">64, 46 p. ;</marc:subfield>
    <marc:subfield code="c">19 cm.</marc:subfield>
  </marc:datafield>
  <marc:datafield tag="500" ind1=" " ind2=" ">
    <marc:subfield code="a">"Glossaire": p. 5-46 (2d group)</marc:subfield>
  </marc:datafield>
  <marc:datafield tag="500" ind1=" " ind2=" ">
    <marc:subfield code="a">Added t.p.: Histoire de Djoûdhar le pecheur et du sac enchanté : conte extrait de Milles [sic] et une nuits : texte établi d'après quatre éditions accompagné de variantes et suivi d'un glossaire.</marc:subfield>
  </marc:datafield>
  <marc:datafield tag="700" ind1="1" ind2=" ">
    <marc:subfield code="a">Pérès, Henri.</marc:subfield>
  </marc:datafield>
  <marc:datafield tag="740" ind1="0" ind2=" ">
    <marc:subfield code="a">Histoire de Djoûdhar le pecheur et du sac enchanté.</marc:subfield>
  </marc:datafield>
  <marc:datafield tag="950" ind1=" " ind2=" ">
    <marc:subfield code="l">BMAIN</marc:subfield>
    <marc:subfield code="a">PJ7712.J8</marc:subfield>
    <marc:subfield code="b">P4 1954</marc:subfield>
  </marc:datafield>
  <marc:datafield tag="955" ind1=" " ind2=" ">
    <marc:subfield code="l">BMAIN</marc:subfield>
    <marc:subfield code="c">1</marc:subfield>
    <marc:subfield code="r">021914109</marc:subfield>
  </marc:datafield>
  <marc:datafield tag="998" ind1=" " ind2=" ">
    <marc:subfield code="s">9115</marc:subfield>
  </marc:datafield>
</marc:record>
